[gd_scene load_steps=76 format=2]

[ext_resource path="res://ezgif-ba0ae4cc1494-4_casting_spritesheet-PNG/tile001.png" type="Texture" id=1]
[ext_resource path="res://ezgif-ba0ae4cc1494-4_casting_spritesheet-PNG/tile002.png" type="Texture" id=2]
[ext_resource path="res://ezgif-ba0ae4cc1494-4_casting_spritesheet-PNG/tile003.png" type="Texture" id=3]
[ext_resource path="res://ezgif-ba0ae4cc1494-4_casting_spritesheet-PNG/tile004.png" type="Texture" id=4]
[ext_resource path="res://ezgif-ba0ae4cc1494-4_casting_spritesheet-PNG/tile005.png" type="Texture" id=5]
[ext_resource path="res://ezgif-ba0ae4cc1494-4_casting_spritesheet-PNG/tile006.png" type="Texture" id=6]
[ext_resource path="res://ezgif-ba0ae4cc1494-4_casting_spritesheet-PNG/tile007.png" type="Texture" id=7]
[ext_resource path="res://ezgif-ba0ae4cc1494-4_casting_spritesheet-PNG/tile008.png" type="Texture" id=8]
[ext_resource path="res://ezgif-ba0ae4cc1494-4_casting_spritesheet-PNG/tile009.png" type="Texture" id=9]
[ext_resource path="res://ezgif-ba0ae4cc1494-4_casting_spritesheet-PNG/tile010.png" type="Texture" id=10]
[ext_resource path="res://ezgif-ba0ae4cc1494-4_casting_spritesheet-PNG/tile011.png" type="Texture" id=11]
[ext_resource path="res://ezgif-ba0ae4cc1494-4_casting_spritesheet-PNG/tile012.png" type="Texture" id=12]
[ext_resource path="res://ezgif-ba0ae4cc1494-4_casting_spritesheet-PNG/tile013.png" type="Texture" id=13]
[ext_resource path="res://ezgif-ba0ae4cc1494-4_casting_spritesheet-PNG/tile014.png" type="Texture" id=14]
[ext_resource path="res://ezgif-ba0ae4cc1494-4_casting_spritesheet-PNG/tile015.png" type="Texture" id=15]
[ext_resource path="res://ezgif-ba0ae4cc1494-4_casting_spritesheet-PNG/tile016.png" type="Texture" id=16]
[ext_resource path="res://ezgif-ba0ae4cc1494-4_casting_spritesheet-PNG/tile017.png" type="Texture" id=17]
[ext_resource path="res://ezgif-ba0ae4cc1494-4_casting_spritesheet-PNG/tile018.png" type="Texture" id=18]
[ext_resource path="res://ezgif-ba0ae4cc1494-4_casting_spritesheet-PNG/tile019.png" type="Texture" id=19]
[ext_resource path="res://ezgif-ba0ae4cc1494-4_casting_spritesheet-PNG/tile020.png" type="Texture" id=20]
[ext_resource path="res://ezgif-ba0ae4cc1494-4_casting_spritesheet-PNG/tile021.png" type="Texture" id=21]
[ext_resource path="res://ezgif-ba0ae4cc1494-4_casting_spritesheet-PNG/tile022.png" type="Texture" id=22]
[ext_resource path="res://ezgif-ba0ae4cc1494-4_casting_spritesheet-PNG/tile023.png" type="Texture" id=23]
[ext_resource path="res://ezgif-ba0ae4cc1494-4_casting_spritesheet-PNG/tile024.png" type="Texture" id=24]
[ext_resource path="res://ezgif-ba0ae4cc1494-4_casting_spritesheet-PNG/tile025.png" type="Texture" id=25]
[ext_resource path="res://ezgif-ba0ae4cc1494-4_casting_spritesheet-PNG/tile026.png" type="Texture" id=26]
[ext_resource path="res://ezgif-ba0ae4cc1494-4_casting_spritesheet-PNG/tile027.png" type="Texture" id=27]
[ext_resource path="res://ezgif-ba0ae4cc1494-4_casting_spritesheet-PNG/tile028.png" type="Texture" id=28]
[ext_resource path="res://ezgif-ba0ae4cc1494-4_casting_spritesheet-PNG/tile029.png" type="Texture" id=29]
[ext_resource path="res://ezgif-ba0ae4cc1494-4_casting_spritesheet-PNG/tile030.png" type="Texture" id=30]
[ext_resource path="res://ezgif-ba0ae4cc1494-4_casting_spritesheet-PNG/tile031.png" type="Texture" id=31]
[ext_resource path="res://ezgif-ba0ae4cc1494-4_casting_spritesheet-PNG/tile032.png" type="Texture" id=32]
[ext_resource path="res://ezgif-ba0ae4cc1494-4_casting_spritesheet-PNG/tile033.png" type="Texture" id=33]
[ext_resource path="res://ezgif-ba0ae4cc1494-4_casting_spritesheet-PNG/tile034.png" type="Texture" id=34]
[ext_resource path="res://ezgif-ba0ae4cc1494-4_casting_spritesheet-PNG/tile035.png" type="Texture" id=35]
[ext_resource path="res://ezgif-ba0ae4cc1494-4_casting_spritesheet-PNG/tile036.png" type="Texture" id=36]
[ext_resource path="res://ezgif-ba0ae4cc1494-4_casting_spritesheet-PNG/tile037.png" type="Texture" id=37]
[ext_resource path="res://ezgif-ba0ae4cc1494-4_casting_spritesheet-PNG/tile038.png" type="Texture" id=38]
[ext_resource path="res://ezgif-ba0ae4cc1494-4_casting_spritesheet-PNG/tile039.png" type="Texture" id=39]
[ext_resource path="res://ezgif-ba0ae4cc1494-4_casting_spritesheet-PNG/tile040.png" type="Texture" id=40]
[ext_resource path="res://ezgif-ba0ae4cc1494-4_casting_spritesheet-PNG/tile041.png" type="Texture" id=41]
[ext_resource path="res://ezgif-ba0ae4cc1494-4_casting_spritesheet-PNG/tile042.png" type="Texture" id=42]
[ext_resource path="res://ezgif-ba0ae4cc1494-4_casting_spritesheet-PNG/tile043.png" type="Texture" id=43]
[ext_resource path="res://ezgif-ba0ae4cc1494-4_casting_spritesheet-PNG/tile044.png" type="Texture" id=44]
[ext_resource path="res://ezgif-ba0ae4cc1494-4_casting_spritesheet-PNG/tile045.png" type="Texture" id=45]
[ext_resource path="res://ezgif-ba0ae4cc1494-4_casting_spritesheet-PNG/tile046.png" type="Texture" id=46]
[ext_resource path="res://ezgif-ba0ae4cc1494-4_casting_spritesheet-PNG/tile047.png" type="Texture" id=47]
[ext_resource path="res://ezgif-ba0ae4cc1494-4_casting_spritesheet-PNG/tile048.png" type="Texture" id=48]
[ext_resource path="res://ezgif-ba0ae4cc1494-4_casting_spritesheet-PNG/tile049.png" type="Texture" id=49]
[ext_resource path="res://ezgif-ba0ae4cc1494-4_casting_spritesheet-PNG/tile050.png" type="Texture" id=50]
[ext_resource path="res://ezgif-ba0ae4cc1494-4_casting_spritesheet-PNG/tile051.png" type="Texture" id=51]
[ext_resource path="res://ezgif-ba0ae4cc1494-4_casting_spritesheet-PNG/tile052.png" type="Texture" id=52]
[ext_resource path="res://ezgif-ba0ae4cc1494-4_casting_spritesheet-PNG/tile053.png" type="Texture" id=53]
[ext_resource path="res://ezgif-ba0ae4cc1494-4_casting_spritesheet-PNG/tile054.png" type="Texture" id=54]
[ext_resource path="res://ezgif-ba0ae4cc1494-4_casting_spritesheet-PNG/tile055.png" type="Texture" id=55]
[ext_resource path="res://ezgif-ba0ae4cc1494-4_casting_spritesheet-PNG/tile056.png" type="Texture" id=56]
[ext_resource path="res://ezgif-ba0ae4cc1494-4_casting_spritesheet-PNG/tile057.png" type="Texture" id=57]
[ext_resource path="res://ezgif-ba0ae4cc1494-4_casting_spritesheet-PNG/tile058.png" type="Texture" id=58]
[ext_resource path="res://ezgif-ba0ae4cc1494-4_casting_spritesheet-PNG/tile059.png" type="Texture" id=59]
[ext_resource path="res://ezgif-ba0ae4cc1494-4_casting_spritesheet-PNG/tile060.png" type="Texture" id=60]
[ext_resource path="res://ezgif-ba0ae4cc1494-4_casting_spritesheet-PNG/tile061.png" type="Texture" id=61]
[ext_resource path="res://ezgif-ba0ae4cc1494-4_casting_spritesheet-PNG/tile062.png" type="Texture" id=62]
[ext_resource path="res://ezgif-ba0ae4cc1494-4_casting_spritesheet-PNG/tile063.png" type="Texture" id=63]
[ext_resource path="res://ezgif-ba0ae4cc1494-4_casting_spritesheet-PNG/tile064.png" type="Texture" id=64]
[ext_resource path="res://ezgif-ba0ae4cc1494-4_casting_spritesheet-PNG/tile065.png" type="Texture" id=65]
[ext_resource path="res://ezgif-ba0ae4cc1494-4_casting_spritesheet-PNG/tile066.png" type="Texture" id=66]
[ext_resource path="res://ezgif-ba0ae4cc1494-4_casting_spritesheet-PNG/tile067.png" type="Texture" id=67]
[ext_resource path="res://ezgif-ba0ae4cc1494-4_casting_spritesheet-PNG/tile068.png" type="Texture" id=68]
[ext_resource path="res://ezgif-ba0ae4cc1494-4_casting_spritesheet-PNG/tile069.png" type="Texture" id=69]
[ext_resource path="res://ezgif-ba0ae4cc1494-4_casting_spritesheet-PNG/tile070.png" type="Texture" id=70]
[ext_resource path="res://ezgif-ba0ae4cc1494-4_casting_spritesheet-PNG/tile071.png" type="Texture" id=71]
[ext_resource path="res://ezgif-ba0ae4cc1494-4_casting_spritesheet-PNG/tile072.png" type="Texture" id=72]
[ext_resource path="res://ezgif-ba0ae4cc1494-4_casting_spritesheet-PNG/tile073.png" type="Texture" id=73]
[ext_resource path="res://Scripts/Teleport.gd" type="Script" id=74]

[sub_resource type="SpriteFrames" id=1]
animations = [ {
"frames": [ ExtResource( 1 ), ExtResource( 2 ), ExtResource( 3 ), ExtResource( 4 ), ExtResource( 5 ), ExtResource( 6 ), ExtResource( 7 ), ExtResource( 8 ), ExtResource( 9 ), ExtResource( 10 ), ExtResource( 11 ), ExtResource( 12 ), ExtResource( 13 ), ExtResource( 14 ), ExtResource( 15 ), ExtResource( 16 ), ExtResource( 17 ), ExtResource( 18 ), ExtResource( 19 ), ExtResource( 20 ), ExtResource( 21 ), ExtResource( 22 ), ExtResource( 23 ), ExtResource( 24 ), ExtResource( 25 ), ExtResource( 26 ), ExtResource( 27 ), ExtResource( 28 ), ExtResource( 29 ), ExtResource( 30 ), ExtResource( 31 ), ExtResource( 32 ), ExtResource( 33 ), ExtResource( 34 ), ExtResource( 35 ), ExtResource( 36 ), ExtResource( 37 ), ExtResource( 38 ), ExtResource( 39 ), ExtResource( 40 ), ExtResource( 41 ), ExtResource( 42 ), ExtResource( 43 ), ExtResource( 44 ), ExtResource( 45 ), ExtResource( 46 ), ExtResource( 47 ), ExtResource( 48 ), ExtResource( 49 ), ExtResource( 50 ), ExtResource( 51 ), ExtResource( 52 ), ExtResource( 53 ), ExtResource( 54 ), ExtResource( 55 ), ExtResource( 56 ), ExtResource( 57 ), ExtResource( 58 ), ExtResource( 59 ), ExtResource( 60 ), ExtResource( 61 ), ExtResource( 62 ), ExtResource( 63 ), ExtResource( 64 ), ExtResource( 65 ), ExtResource( 66 ), ExtResource( 67 ), ExtResource( 68 ), ExtResource( 69 ), ExtResource( 70 ), ExtResource( 71 ), ExtResource( 72 ), ExtResource( 73 ) ],
"loop": false,
"name": "default",
"speed": 60.0
} ]

[node name="AnimatedSprite" type="AnimatedSprite"]
scale = Vector2( 0.75, 0.75 )
frames = SubResource( 1 )
speed_scale = 2.5
script = ExtResource( 74 )
max_frame = 72
