[gd_scene load_steps=12 format=2]

[ext_resource path="res://Scripts/Static Saw.gd" type="Script" id=1]
[ext_resource path="res://Resources/ezgif-1-817477a39df8-png-38x38-sprite-png/tile000.png" type="Texture" id=2]
[ext_resource path="res://Resources/ezgif-1-817477a39df8-png-38x38-sprite-png/tile001.png" type="Texture" id=3]
[ext_resource path="res://Resources/ezgif-1-817477a39df8-png-38x38-sprite-png/tile002.png" type="Texture" id=4]
[ext_resource path="res://Resources/ezgif-1-817477a39df8-png-38x38-sprite-png/tile003.png" type="Texture" id=5]
[ext_resource path="res://Resources/ezgif-1-817477a39df8-png-38x38-sprite-png/tile004.png" type="Texture" id=6]
[ext_resource path="res://Resources/ezgif-1-817477a39df8-png-38x38-sprite-png/tile005.png" type="Texture" id=7]
[ext_resource path="res://Resources/ezgif-1-817477a39df8-png-38x38-sprite-png/tile006.png" type="Texture" id=8]
[ext_resource path="res://Resources/ezgif-1-817477a39df8-png-38x38-sprite-png/tile007.png" type="Texture" id=9]

[sub_resource type="CircleShape2D" id=1]
radius = 19.8329

[sub_resource type="SpriteFrames" id=2]
animations = [ {
"frames": [ ExtResource( 2 ), ExtResource( 3 ), ExtResource( 4 ), ExtResource( 5 ), ExtResource( 6 ), ExtResource( 7 ), ExtResource( 8 ), ExtResource( 9 ) ],
"loop": true,
"name": "default",
"speed": 60.0
} ]

[node name="StaticBody2D" type="KinematicBody2D"]
collision_layer = 4
script = ExtResource( 1 )

[node name="CollisionShape2D" type="CollisionShape2D" parent="."]
shape = SubResource( 1 )

[node name="AnimatedSprite" type="AnimatedSprite" parent="."]
frames = SubResource( 2 )
frame = 4
speed_scale = 0.4
playing = true
