[gd_scene load_steps=86 format=2]

[ext_resource path="res://round_vortex_PNG/frame0000.png" type="Texture" id=1]
[ext_resource path="res://round_vortex_PNG/frame0001.png" type="Texture" id=2]
[ext_resource path="res://round_vortex_PNG/frame0002.png" type="Texture" id=3]
[ext_resource path="res://round_vortex_PNG/frame0003.png" type="Texture" id=4]
[ext_resource path="res://round_vortex_PNG/frame0004.png" type="Texture" id=5]
[ext_resource path="res://round_vortex_PNG/frame0005.png" type="Texture" id=6]
[ext_resource path="res://round_vortex_PNG/frame0006.png" type="Texture" id=7]
[ext_resource path="res://round_vortex_PNG/frame0007.png" type="Texture" id=8]
[ext_resource path="res://round_vortex_PNG/frame0008.png" type="Texture" id=9]
[ext_resource path="res://round_vortex_PNG/frame0009.png" type="Texture" id=10]
[ext_resource path="res://round_vortex_PNG/frame0010.png" type="Texture" id=11]
[ext_resource path="res://round_vortex_PNG/frame0011.png" type="Texture" id=12]
[ext_resource path="res://round_vortex_PNG/frame0012.png" type="Texture" id=13]
[ext_resource path="res://round_vortex_PNG/frame0013.png" type="Texture" id=14]
[ext_resource path="res://round_vortex_PNG/frame0014.png" type="Texture" id=15]
[ext_resource path="res://round_vortex_PNG/frame0015.png" type="Texture" id=16]
[ext_resource path="res://round_vortex_PNG/frame0016.png" type="Texture" id=17]
[ext_resource path="res://round_vortex_PNG/frame0017.png" type="Texture" id=18]
[ext_resource path="res://round_vortex_PNG/frame0018.png" type="Texture" id=19]
[ext_resource path="res://round_vortex_PNG/frame0019.png" type="Texture" id=20]
[ext_resource path="res://round_vortex_PNG/frame0020.png" type="Texture" id=21]
[ext_resource path="res://round_vortex_PNG/frame0021.png" type="Texture" id=22]
[ext_resource path="res://round_vortex_PNG/frame0022.png" type="Texture" id=23]
[ext_resource path="res://round_vortex_PNG/frame0023.png" type="Texture" id=24]
[ext_resource path="res://round_vortex_PNG/frame0024.png" type="Texture" id=25]
[ext_resource path="res://round_vortex_PNG/frame0025.png" type="Texture" id=26]
[ext_resource path="res://round_vortex_PNG/frame0026.png" type="Texture" id=27]
[ext_resource path="res://round_vortex_PNG/frame0027.png" type="Texture" id=28]
[ext_resource path="res://round_vortex_PNG/frame0028.png" type="Texture" id=29]
[ext_resource path="res://round_vortex_PNG/frame0029.png" type="Texture" id=30]
[ext_resource path="res://round_vortex_PNG/frame0030.png" type="Texture" id=31]
[ext_resource path="res://round_vortex_PNG/frame0031.png" type="Texture" id=32]
[ext_resource path="res://round_vortex_PNG/frame0032.png" type="Texture" id=33]
[ext_resource path="res://round_vortex_PNG/frame0033.png" type="Texture" id=34]
[ext_resource path="res://round_vortex_PNG/frame0034.png" type="Texture" id=35]
[ext_resource path="res://round_vortex_PNG/frame0035.png" type="Texture" id=36]
[ext_resource path="res://round_vortex_PNG/frame0036.png" type="Texture" id=37]
[ext_resource path="res://round_vortex_PNG/frame0037.png" type="Texture" id=38]
[ext_resource path="res://round_vortex_PNG/frame0038.png" type="Texture" id=39]
[ext_resource path="res://round_vortex_PNG/frame0039.png" type="Texture" id=40]
[ext_resource path="res://round_vortex_PNG/frame0040.png" type="Texture" id=41]
[ext_resource path="res://round_vortex_PNG/frame0041.png" type="Texture" id=42]
[ext_resource path="res://round_vortex_PNG/frame0042.png" type="Texture" id=43]
[ext_resource path="res://round_vortex_PNG/frame0043.png" type="Texture" id=44]
[ext_resource path="res://round_vortex_PNG/frame0044.png" type="Texture" id=45]
[ext_resource path="res://round_vortex_PNG/frame0045.png" type="Texture" id=46]
[ext_resource path="res://round_vortex_PNG/frame0046.png" type="Texture" id=47]
[ext_resource path="res://round_vortex_PNG/frame0047.png" type="Texture" id=48]
[ext_resource path="res://round_vortex_PNG/frame0048.png" type="Texture" id=49]
[ext_resource path="res://round_vortex_PNG/frame0049.png" type="Texture" id=50]
[ext_resource path="res://round_vortex_PNG/frame0050.png" type="Texture" id=51]
[ext_resource path="res://round_vortex_PNG/frame0051.png" type="Texture" id=52]
[ext_resource path="res://round_vortex_PNG/frame0052.png" type="Texture" id=53]
[ext_resource path="res://round_vortex_PNG/frame0053.png" type="Texture" id=54]
[ext_resource path="res://round_vortex_PNG/frame0054.png" type="Texture" id=55]
[ext_resource path="res://round_vortex_PNG/frame0055.png" type="Texture" id=56]
[ext_resource path="res://round_vortex_PNG/frame0056.png" type="Texture" id=57]
[ext_resource path="res://round_vortex_PNG/frame0057.png" type="Texture" id=58]
[ext_resource path="res://round_vortex_PNG/frame0058.png" type="Texture" id=59]
[ext_resource path="res://round_vortex_PNG/frame0059.png" type="Texture" id=60]
[ext_resource path="res://round_vortex_PNG/frame0060.png" type="Texture" id=61]
[ext_resource path="res://round_vortex_PNG/frame0061.png" type="Texture" id=62]
[ext_resource path="res://round_vortex_PNG/frame0062.png" type="Texture" id=63]
[ext_resource path="res://round_vortex_PNG/frame0063.png" type="Texture" id=64]
[ext_resource path="res://round_vortex_PNG/frame0064.png" type="Texture" id=65]
[ext_resource path="res://round_vortex_PNG/frame0065.png" type="Texture" id=66]
[ext_resource path="res://round_vortex_PNG/frame0066.png" type="Texture" id=67]
[ext_resource path="res://round_vortex_PNG/frame0067.png" type="Texture" id=68]
[ext_resource path="res://round_vortex_PNG/frame0068.png" type="Texture" id=69]
[ext_resource path="res://round_vortex_PNG/frame0069.png" type="Texture" id=70]
[ext_resource path="res://round_vortex_PNG/frame0070.png" type="Texture" id=71]
[ext_resource path="res://round_vortex_PNG/frame0071.png" type="Texture" id=72]
[ext_resource path="res://round_vortex_PNG/frame0072.png" type="Texture" id=73]
[ext_resource path="res://round_vortex_PNG/frame0073.png" type="Texture" id=74]
[ext_resource path="res://round_vortex_PNG/frame0074.png" type="Texture" id=75]
[ext_resource path="res://round_vortex_PNG/frame0075.png" type="Texture" id=76]
[ext_resource path="res://round_vortex_PNG/frame0076.png" type="Texture" id=77]
[ext_resource path="res://round_vortex_PNG/frame0077.png" type="Texture" id=78]
[ext_resource path="res://round_vortex_PNG/frame0078.png" type="Texture" id=79]
[ext_resource path="res://round_vortex_PNG/frame0079.png" type="Texture" id=80]
[ext_resource path="res://round_vortex_PNG/frame0080.png" type="Texture" id=81]
[ext_resource path="res://round_vortex_PNG/frame0081.png" type="Texture" id=82]
[ext_resource path="res://round_vortex_PNG/frame0082.png" type="Texture" id=83]
[ext_resource path="res://Scripts/Teleport.gd" type="Script" id=84]

[sub_resource type="SpriteFrames" id=1]
animations = [ {
"frames": [ ExtResource( 1 ), ExtResource( 2 ), ExtResource( 3 ), ExtResource( 4 ), ExtResource( 5 ), ExtResource( 6 ), ExtResource( 7 ), ExtResource( 8 ), ExtResource( 9 ), ExtResource( 10 ), ExtResource( 11 ), ExtResource( 12 ), ExtResource( 13 ), ExtResource( 14 ), ExtResource( 15 ), ExtResource( 16 ), ExtResource( 17 ), ExtResource( 18 ), ExtResource( 19 ), ExtResource( 20 ), ExtResource( 21 ), ExtResource( 22 ), ExtResource( 23 ), ExtResource( 24 ), ExtResource( 25 ), ExtResource( 26 ), ExtResource( 27 ), ExtResource( 28 ), ExtResource( 29 ), ExtResource( 30 ), ExtResource( 31 ), ExtResource( 32 ), ExtResource( 33 ), ExtResource( 34 ), ExtResource( 35 ), ExtResource( 36 ), ExtResource( 37 ), ExtResource( 38 ), ExtResource( 39 ), ExtResource( 40 ), ExtResource( 41 ), ExtResource( 42 ), ExtResource( 43 ), ExtResource( 44 ), ExtResource( 45 ), ExtResource( 46 ), ExtResource( 47 ), ExtResource( 48 ), ExtResource( 49 ), ExtResource( 50 ), ExtResource( 51 ), ExtResource( 52 ), ExtResource( 53 ), ExtResource( 54 ), ExtResource( 55 ), ExtResource( 56 ), ExtResource( 57 ), ExtResource( 58 ), ExtResource( 59 ), ExtResource( 60 ), ExtResource( 61 ), ExtResource( 62 ), ExtResource( 63 ), ExtResource( 64 ), ExtResource( 65 ), ExtResource( 66 ), ExtResource( 67 ), ExtResource( 68 ), ExtResource( 69 ), ExtResource( 70 ), ExtResource( 71 ), ExtResource( 72 ), ExtResource( 73 ), ExtResource( 74 ), ExtResource( 75 ), ExtResource( 76 ), ExtResource( 77 ), ExtResource( 78 ), ExtResource( 79 ), ExtResource( 80 ), ExtResource( 81 ), ExtResource( 82 ), ExtResource( 83 ) ],
"loop": false,
"name": "default",
"speed": 60.0
} ]

[node name="AnimatedSprite" type="AnimatedSprite"]
scale = Vector2( 0.6, 0.6 )
frames = SubResource( 1 )
speed_scale = 3.0
script = ExtResource( 84 )
max_frame = 82
